<?xml version="1.0" encoding="UTF-8"?><collection xmlns="http://www.loc.gov/MARC21/slim"><record><leader>00654nam--2200229-u-4500</leader><controlfield tag="001">000050405</controlfield><controlfield tag="002">20161230</controlfield><controlfield tag="003">81815</controlfield><controlfield tag="005">20161230201048</controlfield><controlfield tag="008">070312s1000------------r-----000-0-eng-d</controlfield><datafield ind1=" " ind2=" " tag="020"><subfield code="a">354043433X</subfield></datafield><datafield ind1=" " ind2=" " tag="040"><subfield code="a">IFIN-HH</subfield></datafield><datafield ind1=" " ind2=" " tag="080"><subfield code="a">666.3-121:544.016:538.911</subfield></datafield><datafield ind1="1" ind2=" " tag="100"><subfield code="a">Winterer, Markus</subfield></datafield><datafield ind1="1" ind2="0" tag="245"><subfield code="a">Nanocrystalline Ceramics</subfield><subfield code="b">Synthesis and Structure</subfield><subfield code="c">Markus Winterer</subfield></datafield><datafield ind1=" " ind2=" " tag="260"><subfield code="a">Berlin</subfield><subfield code="b">Springer-Verlag</subfield><subfield code="c">2002</subfield></datafield><datafield ind1=" " ind2=" " tag="300"><subfield code="a">260 p</subfield></datafield><datafield ind1=" " ind2=" " tag="490"><subfield code="a">Springer Series in Materials Science</subfield><subfield code="v">Vol.53</subfield></datafield><datafield ind1=" " ind2=" " tag="504"><subfield code="a">Include Index</subfield></datafield><datafield ind1=" " ind2="4" tag="650"><subfield code="a">Processing and Microstructure</subfield></datafield><datafield ind1=" " ind2=" " tag="852"><subfield code="a">81815</subfield><subfield code="c">666.1:666.3</subfield></datafield><datafield ind1=" " ind2=" " tag="CAT"><subfield code="a">Sys</subfield><subfield code="c">20110413</subfield><subfield code="h">095429</subfield></datafield></record></collection>